@Article{Alencar2007,
  author       = {Alencar, Luciana Hazin and de Almeida, Adiel Teixeira and Mota, Caroline Maria{ }de Miranda},
  title        = {Sistemática proposta para seleção de fornecedores em gestão de projetos},
  journal      = {Gestão {\&} Produção},
  publisher    = {Universidade Federal de São Carlos (UFSCar)},
  volume       = {14},
  number       = {3},
  pages        = {477--487},
  year         = {2007},
  month        = dec,
  doi          = {10.1590/s0104-530x2007000300005},
  issn         = {0104-530X},
}

@book{lee2019inteligencia,
  title={Intelig{\^e}ncia artificial},
  author={Lee, Kai-Fu},
  year={2019},
  publisher={Globo livros}
}

@Book{Kalakota2002,
  author       = {Kalakota, Ravi and Robinson, Marcia},
  title        = {E-Business},
  subtitle     = {Estratégias para Alcançar o Sucesso no Mundo Digital},
  publisher    = {Bookman},
  address      = {Porto Alegre, RS},
  edition      = {2},
  pagetotal    = {470},
  year         = {2002},
  isbn         = {9788573078756},
}

@InBook{Carvalho2004,
  author       = {de Carvalho, Valter Rodrigues},
  title        = {Qualidade de Vida no Trabalho},
  bookauthor   = {Oliveira, O. J.},
  booktitle    = {Gestão da Qualidade},
  booksubtitle = {Tópicos Avançados},
  publisher    = {Cengage Learning},
  address      = {São Paulo, SP},
  chapter      = {11},
  pages        = {159--168},
  year         = {2004},
  isbn         = {9788522113897},
}

@InProceedings{Ramos2003,
  author       = {Ramos, Anatália Saraiva Martins and Miranda, Ana Lúcia Brenner},
  title        = {Processo de adoção de um sistema integrado de gestão (ERP)},
  subtitle     = {uma pesquisa qualitativa com gestores da Unimed/Natal},
  booktitle    = {Anais [\ldots].},
  eventtitle   = {Encontro Nacional de Engenharia de Produção (ENEGEP)},
  eventdate    = {2003-10},
  organization = {Universidade Federal de Ouro Preto (UFOP)},
  publisher    = {Associação Brasileira de Engenharia de Produção (ABEPRO)},
  address      = {Rio de Janeiro, RJ},
  venue        = {Ouro Preto, MG},
  number       = {23},
  pages        = {1--8},
  year         = {2003},
  url          = {http://www.abepro.org.br/biblioteca/ENEGEP2003_TR0903_1652.pdf},
  urldate      = {2023-12-05},
  note         = {Paper ID: ENEGEP2003-TR0903-1652},
}

@MastersThesis{Purcidonio2008,
  author       = {Purcidonio, Paula Michelle},
  title        = {Práticas de gestão do conhecimento em arranjo produtivo local},
  subtitle     = {o setor moveleiro de Arapongas {\textemdash} PR},
  eventdate    = {2008-02},
  school       = {Universidade Tecnológica Federal do Paraná},
  address      = {Ponta Grossa, PR},
  pagetotal    = {153},
  year         = {2008},
  url          = {http://repositorio.utfpr.edu.br/jspui/handle/1/3661},
  urldate      = {2023-12-05},
  type         = {Dissertação (Mestrado em Engenharia de Produção)},
}

@Misc{Beltrano2021,
  author       = {Beltrano, P.},
  title        = {Título do trabalho do Beltrano},
  editor       = {Sicrano, P.},
  year         = {2021},
}

@Misc{Fulano2021,
  author       = {Fulano, P.},
  title        = {Título do trabalho do Fulano},
  editor       = {Beltrano, P.},
  year         = {2021},
}

@Misc{UTFPR2018,
  author       = {UTFPR},
  title        = {Fachada campus Ponta Grossa},
  howpublished = {Portal da Universidade Tecnológica Federal do Paraná (UTFPR)},
  address      = {Ponta Grossa, PR},
  year         = {2018},
  url          = {http://portal.utfpr.edu.br/comunicacao/galeria-de-fotos/},
  urldate      = {2023-12-05},
  note         = {Galeria de fotos},
}

@Book{knuth:84,
  author = 	 {Donald E. Knuth},
  title = 	 {The {\TeX} Book},
  publisher = 	 {Addison-Wesley},
  year = 	 {1984},
  edition = 	 {15th},
}

@InCollection{boulic:91,
  author = 	 {R. Boulic and O. Renault},
  title = 	 {3D Hierarchies for Animation},
  booktitle = 	 {New Trends in Animation and Visualization},
  publisher =    {John Wiley {\&} Sons ltd.},
  year = 	 {1991},
  editor = 	 {Nadia Magnenat-Thalmann and Daniel Thalmann},
}

@InCollection{smith:99,
  author = 	 {A. Smith and B. Jones},
  title = 	 {On the Complexity of Computing},
  booktitle = 	 {Advances in Computer Science},
  pages = 	 {555--566},
  publisher =    {Publishing Press},
  year = 	 {1999},
  editor = 	 {A. B. Smith-Jones},
}

@PhdThesis{Andujar2006,
  author       = {Andujar, Andrea Martins},
  title        = {Modelo de qualidade de vida dentro dos domínios bio-psico-social para aposentados},
  eventdate    = {2006-05},
  school       = {Universidade Federal de Santa Catarina},
  address      = {Florianópolis, SC},
  pagetotal    = {206},
  year         = {2006},
  url          = {http://repositorio.ufsc.br/xmlui/handle/123456789/88517},
  urldate      = {2023-12-05},
  type         = {Tese (Doutorado em Engenharia de Produção)},
}

@Comment{jabref-meta: databaseType:biblatex;}

@online{ONU2025,
  author    = {{Nações Unidas}},
  title     = {Objetivos de Desenvolvimento Sustentável (ODS)},
  year      = {2025},
  url       = {https://brasil.un.org/pt-br/sdgs},
  urldate   = {2025-10-05}
}

@online{USDA2025,
  author    = {{USDA}},
  title     = {Citrus: circular técnica para citros},
  year      = {2025},
  url       = {https://apps.fas.usda.gov/psdonline/circulars/citrus.pdf},
  urldate   = {2025-10-05}
}

@techreport{Parana2021,
  author    = {{Governo do Estado do Paraná}},
  title     = {Valor Bruto da Produção (VBP)},
  institution = {Secretaria da Agricultura do Paraná},
  address   = {Curitiba},
  year      = {2020},
  url       = {https://www.agricultura.pr.gov.br/sites/default/arquivos_restritos/files/documento/2021-09/vbp_1920_definitivo.pdf},
  urldate   = {2025-10-05}
}

@incollection{Borges2021,
  author    = {Borges, Ana Lúcia and Girardi, Eduardo Augusto and Souza, Luciano da Silva},
  title     = {Recomendação de calagem e adubação},
  booktitle = {Calagem e adubação para os citros (laranjeiras, limeiras-ácidas e tangerineiras)},
  publisher = {EMBRAPA},
  year      = {2020},
  url       = {https://www.infoteca.cnptia.embrapa.br/infoteca/bitstream/doc/1134672/1/cap9-livro-RecomendacaoCalagemAdubacao-AnaLuciaBorges-AINFO-1.pdf},
  urldate   = {2025-10-05}
}

@techreport{rodrigues2016hlb,
  author       = {Rodrigues, Geraldo Stachetti and Stuchi, Eduardo Sanches and Girardi, Eduardo Augusto},
  title        = {Impactos ambientais e tecnologias de controle do huanglongbing (HLB) dos citros: visão dos consultores técnicos},
  institution  = {Embrapa Mandioca e Fruticultura},
  year         = {2016},
  address      = {Cruz das Almas, BA},
  url          = {https://www.infoteca.cnptia.embrapa.br/infoteca/handle/doc/1062857},
  type         = {Circular Técnica},
  number       = {213},
}

@techreport{Embrapa2016,
  author    = {{EMBRAPA}},
  title     = {Impactos ambientais e tecnologias de controle do huanglongbing (HLB) dos citros: visão dos consultores técnicos},
  year      = {2016},
  type      = {Boletim de Pesquisa e Desenvolvimento 04},
  url       = {https://www.infoteca.cnptia.embrapa.br/infoteca/bitstream/doc/1062857/1/2016BP04.pdf},
  urldate   = {2025-10-05}
}

@phdthesis{Alves2003,
  author    = {Alves, Eduardo},
  title     = {Xylella fastidiosa – Adesão e colonização em vasos do xilema de laranjeira doce, cafeeiro, ameixeira, fumo e espécies de cigarrinhas vetoras e formação de biofilme sobre película de poliestireno},
  school    = {Universidade de São Paulo},
  year      = {2003},
  address   = {São Paulo},
  url       = {https://www.teses.usp.br/teses/disponiveis/11/11135/tde-09052003-141508/publico/eduardo.pdf},
  urldate   = {2025-10-05}
}

@book{SilvaJunior2016,
  author    = {Silva-Junior, Geraldo José and Feichtenberger, Eduardo and Spósito, Marcel Bellato and Amorim, Lilian and Bassanezi, Renato Beozzo and Goes, Antonio de},
  title     = {Pinta preta dos citros: a doença e seu manejo},
  edition   = {1},
  publisher = {Fundecitrus},
  address   = {Araraquara},
  year      = {2016},
  pages     = {208},
  url       = {https://www.fundecitrus.com.br/wp-content/uploads/2025/07/Livro-Pinta-Preta.pdf},
  urldate   = {2025-10-05}
}

@online{Fundecitrus2025,
  author    = {{FUNDECITRUS}},
  title     = {Pinta preta},
  year      = {2025},
  url       = {https://www.fundecitrus.com.br/pragas-e-doencas/pinta-preta/#inicio},
  urldate   = {2025-10-05}
}

@article{coelho2012turing,
  author       = {Coelho, Helder},
  title        = {Turing, 100 anos depois do seu nascimento: já pode uma máquina pensar?},
  journal      = {Boletim da Sociedade Portuguesa de Matemática},
  number       = {67},
  pages        = {9--21},
  year         = {2012},
  address      = {Lisboa},
  month        = {oct},
}

@article{marengoni2009opencv,
  author       = {Marengoni, Maurício and Stringhini, Denise},
  title        = {Tutorial: introdução à visão computacional usando OpenCV},
  journal      = {Revista de Informática Teórica e Aplicada},
  volume       = {16},
  number       = {1},
  pages        = {125--160},
  year         = {2009},
  url          = {https://seer.ufrgs.br/index.php/rita/article/view/rita_v16_n1_p125/7289},
  urldate      = {2025-04-10},
}


@book{Molin2015,
  author    = {Molin, José Paulo and Amaral, Lucas Rios do and Colaço, André},
  title     = {Agricultura de Precisão},
  publisher = {Oficina de Textos},
  year      = {2015},
  url       = {https://play.google.com/store/books/details?id=MX7jCgAAQBAJ},
  urldate   = {2025-10-05}
}

@online{ANAC2025,
  author    = {{Agência Nacional de Aviação Civil (ANAC)}},
  title     = {Painel de drones cadastrados},
  year      = {2025},
  url       = {https://www.gov.br/anac/pt-br/acesso-a-informacao/dados-abertos/areas-de-atuacao/aeronaves-1/drones-cadastrados/painel-drones},
  urldate   = {2025-10-05}
}

@incollection{santos2020visao,
  author       = {Santos, Thiago Teixeira and Barbedo, Jayme Garcia Arnal and Ternes, Sônia and Camargo Neto, João and Koenigkan, Luciano Vieira and Souza, Kleber Xavier Sampaio de},
  title        = {Visão computacional aplicada na agricultura},
  booktitle    = {Agricultura Digital: Pesquisa, Desenvolvimento e Inovação nas Cadeias Produtivas},
  editor       = {Silvia Maria Fonseca and Silveira Massruhá and outros},
  publisher    = {Embrapa},
  year         = {2020},
  pages        = {146--164},
  address      = {Brasília, DF},
  url          = {https://www.alice.cnptia.embrapa.br/alice/bitstream/doc/1126261/1/LV-Agricultura-digital-2020-cap6.pdf},
  note         = {Capítulo 6},
}


@online{Embrapa2025,
  author    = {{EMBRAPA}},
  title     = {Pesquisa mostra o retrato da agricultura digital brasileira},
  year      = {2025},
  url       = {https://www.embrapa.br/agroindustria-de-alimentos/busca-de-noticias/-/noticia/54770717/pesquisa-mostra-o-retrato-da-agricultura-digital-brasileira},
  urldate   = {2025-10-05}
}

@incollection{Massruha2020,
  author    = {Massruhá, S. M. F. S. and Leite, M. A. de A. and Oliveira, S. R. de M. and Meira, C. A. A. and Luchiari Junior, A. and Bolfe, E. L.},
  title     = {Agricultura digital: pesquisa, desenvolvimento e inovação nas cadeias produtivas},
  booktitle = {Agricultura digital},
  publisher = {Embrapa},
  address   = {Brasília, DF},
  year      = {2020},
  pages     = {146--164},
  url       = {https://www.alice.cnptia.embrapa.br/alice/handle/doc/1126261},
  urldate   = {2025-10-05}
}

@mastersthesis{Pazoti2005,
  author    = {Pazoti, Mário Augusto},
  title     = {CITRUSVIS - Um sistema de visão computacional para a identificação do fungo Guignardia citricarpa, causador da mancha preta em citros},
  school    = {Universidade de São Paulo},
  year      = {2005},
  address   = {São Paulo},
  url       = {https://www.teses.usp.br/teses/disponiveis/55/55134/tde-15122017-145610/en.php},
  urldate   = {2025-10-05}
}

@misc{Ribeiro2012,
  author    = {Ribeiro, P. P. E. and Castro Jorge, L. A. and Paiva, M. S. V.},
  title     = {Diferenciação do Greening de Outras Doenças Foliares em Citros Utilizando Técnicas de Processamento de Imagens},
  year      = {2012},
  url       = {https://swfrec.ifas.ufl.edu/hlb/database/pdf/00002955.pdf},
  urldate   = {2025-10-05}
}

@article{Momeny2022,
  author    = {Momeny, M. and others},
  title     = {Detection of citrus black spot disease and ripeness level in orange fruit using learning-to-augment incorporated deep networks},
  journal   = {Ecological Informatics},
  volume    = {71},
  pages     = {101829},
  year      = {2022},
  url       = {https://www.sciencedirect.com/science/article/abs/pii/S1574954122002795},
  urldate   = {2025-10-05}
}